%YAML 1.1
%TAG !u! tag:unity3d.com,2011:
--- !u!1 &252614211867419503
GameObject:
  m_ObjectHideFlags: 0
  m_CorrespondingSourceObject: {fileID: 0}
  m_PrefabInstance: {fileID: 0}
  m_PrefabAsset: {fileID: 0}
  serializedVersion: 6
  m_Component:
  - component: {fileID: 252614211867419496}
  - component: {fileID: 252614211867419499}
  - component: {fileID: 252614211867419498}
  - component: {fileID: 252614211867419497}
  m_Layer: 0
  m_Name: Plane
  m_TagString: Untagged
  m_Icon: {fileID: 0}
  m_NavMeshLayer: 0
  m_StaticEditorFlags: 0
  m_IsActive: 1
--- !u!4 &252614211867419496
Transform:
  m_ObjectHideFlags: 0
  m_CorrespondingSourceObject: {fileID: 0}
  m_PrefabInstance: {fileID: 0}
  m_PrefabAsset: {fileID: 0}
  m_GameObject: {fileID: 252614211867419503}
  m_LocalRotation: {x: -0, y: -0, z: -0, w: 1}
  m_LocalPosition: {x: 0, y: 0, z: 0}
  m_LocalScale: {x: 1, y: 1, z: 5}
  m_Children: []
  m_Father: {fileID: 252614213647981374}
  m_RootOrder: 0
  m_LocalEulerAnglesHint: {x: 0, y: 0, z: 0}
--- !u!33 &252614211867419499
MeshFilter:
  m_ObjectHideFlags: 0
  m_CorrespondingSourceObject: {fileID: 0}
  m_PrefabInstance: {fileID: 0}
  m_PrefabAsset: {fileID: 0}
  m_GameObject: {fileID: 252614211867419503}
  m_Mesh: {fileID: 10209, guid: 0000000000000000e000000000000000, type: 0}
--- !u!23 &252614211867419498
MeshRenderer:
  m_ObjectHideFlags: 0
  m_CorrespondingSourceObject: {fileID: 0}
  m_PrefabInstance: {fileID: 0}
  m_PrefabAsset: {fileID: 0}
  m_GameObject: {fileID: 252614211867419503}
  m_Enabled: 1
  m_CastShadows: 1
  m_ReceiveShadows: 1
  m_DynamicOccludee: 1
  m_MotionVectors: 1
  m_LightProbeUsage: 1
  m_ReflectionProbeUsage: 1
  m_RenderingLayerMask: 1
  m_RendererPriority: 0
  m_Materials:
  - {fileID: 2100000, guid: 5eddbf5a481030c4b825707148dd7cea, type: 2}
  m_StaticBatchInfo:
    firstSubMesh: 0
    subMeshCount: 0
  m_StaticBatchRoot: {fileID: 0}
  m_ProbeAnchor: {fileID: 0}
  m_LightProbeVolumeOverride: {fileID: 0}
  m_ScaleInLightmap: 1
  m_PreserveUVs: 0
  m_IgnoreNormalsForChartDetection: 0
  m_ImportantGI: 0
  m_StitchLightmapSeams: 0
  m_SelectedEditorRenderState: 3
  m_MinimumChartSize: 4
  m_AutoUVMaxDistance: 0.5
  m_AutoUVMaxAngle: 89
  m_LightmapParameters: {fileID: 0}
  m_SortingLayerID: 0
  m_SortingLayer: 0
  m_SortingOrder: 0
--- !u!64 &252614211867419497
MeshCollider:
  m_ObjectHideFlags: 0
  m_CorrespondingSourceObject: {fileID: 0}
  m_PrefabInstance: {fileID: 0}
  m_PrefabAsset: {fileID: 0}
  m_GameObject: {fileID: 252614211867419503}
  m_Material: {fileID: 0}
  m_IsTrigger: 0
  m_Enabled: 1
  serializedVersion: 3
  m_Convex: 0
  m_CookingOptions: 14
  m_Mesh: {fileID: 10209, guid: 0000000000000000e000000000000000, type: 0}
--- !u!114 &252614212003590089
MonoBehaviour:
  m_ObjectHideFlags: 0
  m_CorrespondingSourceObject: {fileID: 0}
  m_PrefabInstance: {fileID: 0}
  m_PrefabAsset: {fileID: 0}
  m_GameObject: {fileID: 2265947156221972}
  m_Enabled: 1
  m_EditorHideFlags: 0
  m_Script: {fileID: 11500000, guid: ea575a74fea48bb4d8308871a8c808ce, type: 3}
  m_Name: 
  m_EditorClassIdentifier: 
--- !u!114 &252614212245360679
MonoBehaviour:
  m_ObjectHideFlags: 0
  m_CorrespondingSourceObject: {fileID: 0}
  m_PrefabInstance: {fileID: 0}
  m_PrefabAsset: {fileID: 0}
  m_GameObject: {fileID: 2265946868172691}
  m_Enabled: 1
  m_EditorHideFlags: 0
  m_Script: {fileID: 11500000, guid: ea575a74fea48bb4d8308871a8c808ce, type: 3}
  m_Name: 
  m_EditorClassIdentifier: 
--- !u!1 &252614212877546550
GameObject:
  m_ObjectHideFlags: 0
  m_CorrespondingSourceObject: {fileID: 0}
  m_PrefabInstance: {fileID: 0}
  m_PrefabAsset: {fileID: 0}
  serializedVersion: 6
  m_Component:
  - component: {fileID: 252614212877546551}
  - component: {fileID: 252614212877546545}
  - component: {fileID: 252614212877546544}
  m_Layer: 0
  m_Name: Road
  m_TagString: Untagged
  m_Icon: {fileID: 0}
  m_NavMeshLayer: 0
  m_StaticEditorFlags: 0
  m_IsActive: 0
--- !u!4 &252614212877546551
Transform:
  m_ObjectHideFlags: 0
  m_CorrespondingSourceObject: {fileID: 0}
  m_PrefabInstance: {fileID: 0}
  m_PrefabAsset: {fileID: 0}
  m_GameObject: {fileID: 252614212877546550}
  m_LocalRotation: {x: -0.7071068, y: -0, z: -0, w: 0.7071067}
  m_LocalPosition: {x: 0, y: 0, z: 0}
  m_LocalScale: {x: 400, y: 1499.9995, z: 17.054688}
  m_Children: []
  m_Father: {fileID: 252614213647981374}
  m_RootOrder: 2
  m_LocalEulerAnglesHint: {x: 0, y: 0, z: 0}
--- !u!33 &252614212877546545
MeshFilter:
  m_ObjectHideFlags: 0
  m_CorrespondingSourceObject: {fileID: 0}
  m_PrefabInstance: {fileID: 0}
  m_PrefabAsset: {fileID: 0}
  m_GameObject: {fileID: 252614212877546550}
  m_Mesh: {fileID: 4300000, guid: 9789db34e9d9b2c4880f6af2f7e906dd, type: 3}
--- !u!23 &252614212877546544
MeshRenderer:
  m_ObjectHideFlags: 0
  m_CorrespondingSourceObject: {fileID: 0}
  m_PrefabInstance: {fileID: 0}
  m_PrefabAsset: {fileID: 0}
  m_GameObject: {fileID: 252614212877546550}
  m_Enabled: 1
  m_CastShadows: 1
  m_ReceiveShadows: 1
  m_DynamicOccludee: 1
  m_MotionVectors: 1
  m_LightProbeUsage: 1
  m_ReflectionProbeUsage: 1
  m_RenderingLayerMask: 1
  m_RendererPriority: 0
  m_Materials:
  - {fileID: 2100000, guid: 5eddbf5a481030c4b825707148dd7cea, type: 2}
  - {fileID: 2100000, guid: 5eddbf5a481030c4b825707148dd7cea, type: 2}
  - {fileID: 2100000, guid: 5eddbf5a481030c4b825707148dd7cea, type: 2}
  m_StaticBatchInfo:
    firstSubMesh: 0
    subMeshCount: 0
  m_StaticBatchRoot: {fileID: 0}
  m_ProbeAnchor: {fileID: 0}
  m_LightProbeVolumeOverride: {fileID: 0}
  m_ScaleInLightmap: 1
  m_PreserveUVs: 0
  m_IgnoreNormalsForChartDetection: 0
  m_ImportantGI: 0
  m_StitchLightmapSeams: 0
  m_SelectedEditorRenderState: 3
  m_MinimumChartSize: 4
  m_AutoUVMaxDistance: 0.5
  m_AutoUVMaxAngle: 89
  m_LightmapParameters: {fileID: 0}
  m_SortingLayerID: 0
  m_SortingLayer: 0
  m_SortingOrder: 0
--- !u!1 &252614212980562996
GameObject:
  m_ObjectHideFlags: 0
  m_CorrespondingSourceObject: {fileID: 0}
  m_PrefabInstance: {fileID: 0}
  m_PrefabAsset: {fileID: 0}
  serializedVersion: 6
  m_Component:
  - component: {fileID: 252614212980562997}
  - component: {fileID: 252614212980562999}
  - component: {fileID: 252614212980562998}
  m_Layer: 0
  m_Name: Road
  m_TagString: Untagged
  m_Icon: {fileID: 0}
  m_NavMeshLayer: 0
  m_StaticEditorFlags: 0
  m_IsActive: 0
--- !u!4 &252614212980562997
Transform:
  m_ObjectHideFlags: 0
  m_CorrespondingSourceObject: {fileID: 0}
  m_PrefabInstance: {fileID: 0}
  m_PrefabAsset: {fileID: 0}
  m_GameObject: {fileID: 252614212980562996}
  m_LocalRotation: {x: -0.7071068, y: -0, z: -0, w: 0.7071067}
  m_LocalPosition: {x: 0, y: 0, z: 0}
  m_LocalScale: {x: 400, y: 1499.9995, z: 17.054688}
  m_Children: []
  m_Father: {fileID: 252614213647981374}
  m_RootOrder: 3
  m_LocalEulerAnglesHint: {x: 0, y: 0, z: 0}
--- !u!33 &252614212980562999
MeshFilter:
  m_ObjectHideFlags: 0
  m_CorrespondingSourceObject: {fileID: 0}
  m_PrefabInstance: {fileID: 0}
  m_PrefabAsset: {fileID: 0}
  m_GameObject: {fileID: 252614212980562996}
  m_Mesh: {fileID: 4300000, guid: ace690c6785e14142bfdb9f9e459d66e, type: 3}
--- !u!23 &252614212980562998
MeshRenderer:
  m_ObjectHideFlags: 0
  m_CorrespondingSourceObject: {fileID: 0}
  m_PrefabInstance: {fileID: 0}
  m_PrefabAsset: {fileID: 0}
  m_GameObject: {fileID: 252614212980562996}
  m_Enabled: 1
  m_CastShadows: 1
  m_ReceiveShadows: 1
  m_DynamicOccludee: 1
  m_MotionVectors: 1
  m_LightProbeUsage: 1
  m_ReflectionProbeUsage: 1
  m_RenderingLayerMask: 1
  m_RendererPriority: 0
  m_Materials:
  - {fileID: 2100000, guid: e93f128ba793bc543a05613e68e0ff1d, type: 2}
  - {fileID: 2100000, guid: e93f128ba793bc543a05613e68e0ff1d, type: 2}
  - {fileID: 2100000, guid: e93f128ba793bc543a05613e68e0ff1d, type: 2}
  m_StaticBatchInfo:
    firstSubMesh: 0
    subMeshCount: 0
  m_StaticBatchRoot: {fileID: 0}
  m_ProbeAnchor: {fileID: 0}
  m_LightProbeVolumeOverride: {fileID: 0}
  m_ScaleInLightmap: 1
  m_PreserveUVs: 0
  m_IgnoreNormalsForChartDetection: 0
  m_ImportantGI: 0
  m_StitchLightmapSeams: 0
  m_SelectedEditorRenderState: 3
  m_MinimumChartSize: 4
  m_AutoUVMaxDistance: 0.5
  m_AutoUVMaxAngle: 89
  m_LightmapParameters: {fileID: 0}
  m_SortingLayerID: 0
  m_SortingLayer: 0
  m_SortingOrder: 0
--- !u!114 &252614213047057872
MonoBehaviour:
  m_ObjectHideFlags: 0
  m_CorrespondingSourceObject: {fileID: 0}
  m_PrefabInstance: {fileID: 0}
  m_PrefabAsset: {fileID: 0}
  m_GameObject: {fileID: 2265946187015478}
  m_Enabled: 1
  m_EditorHideFlags: 0
  m_Script: {fileID: 11500000, guid: ea575a74fea48bb4d8308871a8c808ce, type: 3}
  m_Name: 
  m_EditorClassIdentifier: 
--- !u!1 &252614213321754840
GameObject:
  m_ObjectHideFlags: 0
  m_CorrespondingSourceObject: {fileID: 0}
  m_PrefabInstance: {fileID: 0}
  m_PrefabAsset: {fileID: 0}
  serializedVersion: 6
  m_Component:
  - component: {fileID: 252614213321754841}
  - component: {fileID: 252614213321754820}
  - component: {fileID: 252614213321754843}
  - component: {fileID: 252614213321754842}
  m_Layer: 0
  m_Name: TrafficCone
  m_TagString: obstaculo
  m_Icon: {fileID: 0}
  m_NavMeshLayer: 0
  m_StaticEditorFlags: 0
  m_IsActive: 1
--- !u!4 &252614213321754841
Transform:
  m_ObjectHideFlags: 0
  m_CorrespondingSourceObject: {fileID: 0}
  m_PrefabInstance: {fileID: 0}
  m_PrefabAsset: {fileID: 0}
  m_GameObject: {fileID: 252614213321754840}
  m_LocalRotation: {x: -0.7071068, y: 0, z: -0, w: 0.7071067}
  m_LocalPosition: {x: -2.5, y: 0.62, z: 10.16}
  m_LocalScale: {x: 100, y: 100, z: 9.611386}
  m_Children: []
  m_Father: {fileID: 252614213647981374}
  m_RootOrder: 1
  m_LocalEulerAnglesHint: {x: 0, y: 0, z: 0}
--- !u!33 &252614213321754820
MeshFilter:
  m_ObjectHideFlags: 0
  m_CorrespondingSourceObject: {fileID: 0}
  m_PrefabInstance: {fileID: 0}
  m_PrefabAsset: {fileID: 0}
  m_GameObject: {fileID: 252614213321754840}
  m_Mesh: {fileID: 4300000, guid: 977291097d01c3b4fbe1be7ccd88953c, type: 3}
--- !u!23 &252614213321754843
MeshRenderer:
  m_ObjectHideFlags: 0
  m_CorrespondingSourceObject: {fileID: 0}
  m_PrefabInstance: {fileID: 0}
  m_PrefabAsset: {fileID: 0}
  m_GameObject: {fileID: 252614213321754840}
  m_Enabled: 1
  m_CastShadows: 1
  m_ReceiveShadows: 0
  m_DynamicOccludee: 0
  m_MotionVectors: 1
  m_LightProbeUsage: 1
  m_ReflectionProbeUsage: 1
  m_RenderingLayerMask: 1
  m_RendererPriority: 0
  m_Materials:
  - {fileID: 2100000, guid: d1131546eae75d44f8037da24244743f, type: 2}
  - {fileID: 2100000, guid: d1131546eae75d44f8037da24244743f, type: 2}
  m_StaticBatchInfo:
    firstSubMesh: 0
    subMeshCount: 0
  m_StaticBatchRoot: {fileID: 0}
  m_ProbeAnchor: {fileID: 0}
  m_LightProbeVolumeOverride: {fileID: 0}
  m_ScaleInLightmap: 1
  m_PreserveUVs: 0
  m_IgnoreNormalsForChartDetection: 0
  m_ImportantGI: 0
  m_StitchLightmapSeams: 0
  m_SelectedEditorRenderState: 3
  m_MinimumChartSize: 4
  m_AutoUVMaxDistance: 0.5
  m_AutoUVMaxAngle: 89
  m_LightmapParameters: {fileID: 0}
  m_SortingLayerID: 0
  m_SortingLayer: 0
  m_SortingOrder: 0
--- !u!65 &252614213321754842
BoxCollider:
  m_ObjectHideFlags: 0
  m_CorrespondingSourceObject: {fileID: 0}
  m_PrefabInstance: {fileID: 0}
  m_PrefabAsset: {fileID: 0}
  m_GameObject: {fileID: 252614213321754840}
  m_Material: {fileID: 0}
  m_IsTrigger: 0
  m_Enabled: 1
  serializedVersion: 2
  m_Size: {x: 0.02, y: 0.019999996, z: 0.21967825}
  m_Center: {x: 0, y: 0, z: 0.09983912}
--- !u!114 &252614213456832475
MonoBehaviour:
  m_ObjectHideFlags: 0
  m_CorrespondingSourceObject: {fileID: 0}
  m_PrefabInstance: {fileID: 0}
  m_PrefabAsset: {fileID: 0}
  m_GameObject: {fileID: 2265946189720351}
  m_Enabled: 1
  m_EditorHideFlags: 0
  m_Script: {fileID: 11500000, guid: ea575a74fea48bb4d8308871a8c808ce, type: 3}
  m_Name: 
  m_EditorClassIdentifier: 
--- !u!114 &252614213603971393
MonoBehaviour:
  m_ObjectHideFlags: 0
  m_CorrespondingSourceObject: {fileID: 0}
  m_PrefabInstance: {fileID: 0}
  m_PrefabAsset: {fileID: 0}
  m_GameObject: {fileID: 2265946704815255}
  m_Enabled: 1
  m_EditorHideFlags: 0
  m_Script: {fileID: 11500000, guid: ea575a74fea48bb4d8308871a8c808ce, type: 3}
  m_Name: 
  m_EditorClassIdentifier: 
--- !u!1 &252614213647981373
GameObject:
  m_ObjectHideFlags: 0
  m_CorrespondingSourceObject: {fileID: 0}
  m_PrefabInstance: {fileID: 0}
  m_PrefabAsset: {fileID: 0}
  serializedVersion: 6
  m_Component:
  - component: {fileID: 252614213647981374}
  - component: {fileID: 252614213647981375}
  m_Layer: 0
  m_Name: Cenario
  m_TagString: Untagged
  m_Icon: {fileID: 0}
  m_NavMeshLayer: 0
  m_StaticEditorFlags: 0
  m_IsActive: 1
--- !u!4 &252614213647981374
Transform:
  m_ObjectHideFlags: 0
  m_CorrespondingSourceObject: {fileID: 0}
  m_PrefabInstance: {fileID: 0}
  m_PrefabAsset: {fileID: 0}
  m_GameObject: {fileID: 252614213647981373}
  m_LocalRotation: {x: 0, y: 0, z: 0, w: 1}
  m_LocalPosition: {x: -0.51, y: 0.02, z: 0}
  m_LocalScale: {x: 1, y: 1, z: 1}
  m_Children:
  - {fileID: 252614211867419496}
  - {fileID: 252614213321754841}
  - {fileID: 252614212877546551}
  - {fileID: 252614212980562997}
  - {fileID: 2265946868172702}
  - {fileID: 2265947156221977}
  - {fileID: 2265946189720338}
  - {fileID: 2265946704815258}
  - {fileID: 2265946187015483}
  m_Father: {fileID: 0}
  m_RootOrder: 0
  m_LocalEulerAnglesHint: {x: 0, y: 0, z: 0}
--- !u!114 &252614213647981375
MonoBehaviour:
  m_ObjectHideFlags: 0
  m_CorrespondingSourceObject: {fileID: 0}
  m_PrefabInstance: {fileID: 0}
  m_PrefabAsset: {fileID: 0}
  m_GameObject: {fileID: 252614213647981373}
  m_Enabled: 0
  m_EditorHideFlags: 0
  m_Script: {fileID: 11500000, guid: 2e61e7b68ea3572468baed2008322628, type: 3}
  m_Name: 
  m_EditorClassIdentifier: 
  tilePrefabs: []
  zSpawn: 0
  tileLength: 30
  numberOfTiles: 3
  playerTransform: {fileID: 0}
--- !u!1001 &252614212012307404
PrefabInstance:
  m_ObjectHideFlags: 0
  serializedVersion: 2
  m_Modification:
    m_TransformParent: {fileID: 252614213647981374}
    m_Modifications:
    - target: {fileID: 254870730751947856, guid: 5bcb1c0dee22c8b4fa8528a38089f69b,
        type: 3}
      propertyPath: m_Materials.Array.data[0]
      value: 
      objectReference: {fileID: 0}
    - target: {fileID: 254870730751947858, guid: 5bcb1c0dee22c8b4fa8528a38089f69b,
        type: 3}
      propertyPath: m_LocalPosition.x
      value: -2.57
      objectReference: {fileID: 0}
    - target: {fileID: 254870730751947858, guid: 5bcb1c0dee22c8b4fa8528a38089f69b,
        type: 3}
      propertyPath: m_LocalPosition.y
      value: 0.98
      objectReference: {fileID: 0}
    - target: {fileID: 254870730751947858, guid: 5bcb1c0dee22c8b4fa8528a38089f69b,
        type: 3}
      propertyPath: m_LocalPosition.z
      value: 4.3
      objectReference: {fileID: 0}
    - target: {fileID: 254870730751947858, guid: 5bcb1c0dee22c8b4fa8528a38089f69b,
        type: 3}
      propertyPath: m_LocalRotation.x
      value: -0
      objectReference: {fileID: 0}
    - target: {fileID: 254870730751947858, guid: 5bcb1c0dee22c8b4fa8528a38089f69b,
        type: 3}
      propertyPath: m_LocalRotation.y
      value: -0
      objectReference: {fileID: 0}
    - target: {fileID: 254870730751947858, guid: 5bcb1c0dee22c8b4fa8528a38089f69b,
        type: 3}
      propertyPath: m_LocalRotation.z
      value: 0.7071068
      objectReference: {fileID: 0}
    - target: {fileID: 254870730751947858, guid: 5bcb1c0dee22c8b4fa8528a38089f69b,
        type: 3}
      propertyPath: m_LocalRotation.w
      value: 0.7071068
      objectReference: {fileID: 0}
    - target: {fileID: 254870730751947858, guid: 5bcb1c0dee22c8b4fa8528a38089f69b,
        type: 3}
      propertyPath: m_RootOrder
      value: 4
      objectReference: {fileID: 0}
    - target: {fileID: 254870730751947858, guid: 5bcb1c0dee22c8b4fa8528a38089f69b,
        type: 3}
      propertyPath: m_LocalEulerAnglesHint.x
      value: 0
      objectReference: {fileID: 0}
    - target: {fileID: 254870730751947858, guid: 5bcb1c0dee22c8b4fa8528a38089f69b,
        type: 3}
      propertyPath: m_LocalEulerAnglesHint.y
      value: 0
      objectReference: {fileID: 0}
    - target: {fileID: 254870730751947858, guid: 5bcb1c0dee22c8b4fa8528a38089f69b,
        type: 3}
      propertyPath: m_LocalEulerAnglesHint.z
      value: 90
      objectReference: {fileID: 0}
    - target: {fileID: 254870730751947858, guid: 5bcb1c0dee22c8b4fa8528a38089f69b,
        type: 3}
      propertyPath: m_LocalScale.y
      value: 0.10000006
      objectReference: {fileID: 0}
    - target: {fileID: 254870730751947870, guid: 5bcb1c0dee22c8b4fa8528a38089f69b,
        type: 3}
      propertyPath: m_Enabled
      value: 0
      objectReference: {fileID: 0}
    - target: {fileID: 254870730751947871, guid: 5bcb1c0dee22c8b4fa8528a38089f69b,
        type: 3}
      propertyPath: m_Name
      value: Coin (2)
      objectReference: {fileID: 0}
    m_RemovedComponents:
    - {fileID: 254870730751947870, guid: 5bcb1c0dee22c8b4fa8528a38089f69b, type: 3}
  m_SourcePrefab: {fileID: 100100000, guid: 5bcb1c0dee22c8b4fa8528a38089f69b, type: 3}
--- !u!1 &2265946868172691 stripped
GameObject:
  m_CorrespondingSourceObject: {fileID: 254870730751947871, guid: 5bcb1c0dee22c8b4fa8528a38089f69b,
    type: 3}
  m_PrefabInstance: {fileID: 252614212012307404}
  m_PrefabAsset: {fileID: 0}
--- !u!4 &2265946868172702 stripped
Transform:
  m_CorrespondingSourceObject: {fileID: 254870730751947858, guid: 5bcb1c0dee22c8b4fa8528a38089f69b,
    type: 3}
  m_PrefabInstance: {fileID: 252614212012307404}
  m_PrefabAsset: {fileID: 0}
--- !u!1001 &252614212184346824
PrefabInstance:
  m_ObjectHideFlags: 0
  serializedVersion: 2
  m_Modification:
    m_TransformParent: {fileID: 252614213647981374}
    m_Modifications:
    - target: {fileID: 254870730751947856, guid: 5bcb1c0dee22c8b4fa8528a38089f69b,
        type: 3}
      propertyPath: m_Materials.Array.data[0]
      value: 
      objectReference: {fileID: 0}
    - target: {fileID: 254870730751947858, guid: 5bcb1c0dee22c8b4fa8528a38089f69b,
        type: 3}
      propertyPath: m_LocalPosition.x
      value: 0.3
      objectReference: {fileID: 0}
    - target: {fileID: 254870730751947858, guid: 5bcb1c0dee22c8b4fa8528a38089f69b,
        type: 3}
      propertyPath: m_LocalPosition.y
      value: 0.98
      objectReference: {fileID: 0}
    - target: {fileID: 254870730751947858, guid: 5bcb1c0dee22c8b4fa8528a38089f69b,
        type: 3}
      propertyPath: m_LocalPosition.z
      value: 19.6
      objectReference: {fileID: 0}
    - target: {fileID: 254870730751947858, guid: 5bcb1c0dee22c8b4fa8528a38089f69b,
        type: 3}
      propertyPath: m_LocalRotation.x
      value: -0
      objectReference: {fileID: 0}
    - target: {fileID: 254870730751947858, guid: 5bcb1c0dee22c8b4fa8528a38089f69b,
        type: 3}
      propertyPath: m_LocalRotation.y
      value: -0
      objectReference: {fileID: 0}
    - target: {fileID: 254870730751947858, guid: 5bcb1c0dee22c8b4fa8528a38089f69b,
        type: 3}
      propertyPath: m_LocalRotation.z
      value: 0.7071068
      objectReference: {fileID: 0}
    - target: {fileID: 254870730751947858, guid: 5bcb1c0dee22c8b4fa8528a38089f69b,
        type: 3}
      propertyPath: m_LocalRotation.w
      value: 0.7071068
      objectReference: {fileID: 0}
    - target: {fileID: 254870730751947858, guid: 5bcb1c0dee22c8b4fa8528a38089f69b,
        type: 3}
      propertyPath: m_RootOrder
      value: 7
      objectReference: {fileID: 0}
    - target: {fileID: 254870730751947858, guid: 5bcb1c0dee22c8b4fa8528a38089f69b,
        type: 3}
      propertyPath: m_LocalEulerAnglesHint.x
      value: 0
      objectReference: {fileID: 0}
    - target: {fileID: 254870730751947858, guid: 5bcb1c0dee22c8b4fa8528a38089f69b,
        type: 3}
      propertyPath: m_LocalEulerAnglesHint.y
      value: 0
      objectReference: {fileID: 0}
    - target: {fileID: 254870730751947858, guid: 5bcb1c0dee22c8b4fa8528a38089f69b,
        type: 3}
      propertyPath: m_LocalEulerAnglesHint.z
      value: 90
      objectReference: {fileID: 0}
    - target: {fileID: 254870730751947858, guid: 5bcb1c0dee22c8b4fa8528a38089f69b,
        type: 3}
      propertyPath: m_LocalScale.y
      value: 0.10000006
      objectReference: {fileID: 0}
    - target: {fileID: 254870730751947871, guid: 5bcb1c0dee22c8b4fa8528a38089f69b,
        type: 3}
      propertyPath: m_Name
      value: Coin (6)
      objectReference: {fileID: 0}
    m_RemovedComponents:
    - {fileID: 254870730751947870, guid: 5bcb1c0dee22c8b4fa8528a38089f69b, type: 3}
  m_SourcePrefab: {fileID: 100100000, guid: 5bcb1c0dee22c8b4fa8528a38089f69b, type: 3}
--- !u!1 &2265946704815255 stripped
GameObject:
  m_CorrespondingSourceObject: {fileID: 254870730751947871, guid: 5bcb1c0dee22c8b4fa8528a38089f69b,
    type: 3}
  m_PrefabInstance: {fileID: 252614212184346824}
  m_PrefabAsset: {fileID: 0}
--- !u!4 &2265946704815258 stripped
Transform:
  m_CorrespondingSourceObject: {fileID: 254870730751947858, guid: 5bcb1c0dee22c8b4fa8528a38089f69b,
    type: 3}
  m_PrefabInstance: {fileID: 252614212184346824}
  m_PrefabAsset: {fileID: 0}
--- !u!1001 &252614212299170891
PrefabInstance:
  m_ObjectHideFlags: 0
  serializedVersion: 2
  m_Modification:
    m_TransformParent: {fileID: 252614213647981374}
    m_Modifications:
    - target: {fileID: 254870730751947856, guid: 5bcb1c0dee22c8b4fa8528a38089f69b,
        type: 3}
      propertyPath: m_Materials.Array.data[0]
      value: 
      objectReference: {fileID: 0}
    - target: {fileID: 254870730751947858, guid: 5bcb1c0dee22c8b4fa8528a38089f69b,
        type: 3}
      propertyPath: m_LocalPosition.x
      value: 0.33
      objectReference: {fileID: 0}
    - target: {fileID: 254870730751947858, guid: 5bcb1c0dee22c8b4fa8528a38089f69b,
        type: 3}
      propertyPath: m_LocalPosition.y
      value: 0.98
      objectReference: {fileID: 0}
    - target: {fileID: 254870730751947858, guid: 5bcb1c0dee22c8b4fa8528a38089f69b,
        type: 3}
      propertyPath: m_LocalPosition.z
      value: -0.4
      objectReference: {fileID: 0}
    - target: {fileID: 254870730751947858, guid: 5bcb1c0dee22c8b4fa8528a38089f69b,
        type: 3}
      propertyPath: m_LocalRotation.x
      value: -0
      objectReference: {fileID: 0}
    - target: {fileID: 254870730751947858, guid: 5bcb1c0dee22c8b4fa8528a38089f69b,
        type: 3}
      propertyPath: m_LocalRotation.y
      value: -0
      objectReference: {fileID: 0}
    - target: {fileID: 254870730751947858, guid: 5bcb1c0dee22c8b4fa8528a38089f69b,
        type: 3}
      propertyPath: m_LocalRotation.z
      value: 0.7071068
      objectReference: {fileID: 0}
    - target: {fileID: 254870730751947858, guid: 5bcb1c0dee22c8b4fa8528a38089f69b,
        type: 3}
      propertyPath: m_LocalRotation.w
      value: 0.7071068
      objectReference: {fileID: 0}
    - target: {fileID: 254870730751947858, guid: 5bcb1c0dee22c8b4fa8528a38089f69b,
        type: 3}
      propertyPath: m_RootOrder
      value: 5
      objectReference: {fileID: 0}
    - target: {fileID: 254870730751947858, guid: 5bcb1c0dee22c8b4fa8528a38089f69b,
        type: 3}
      propertyPath: m_LocalEulerAnglesHint.x
      value: 0
      objectReference: {fileID: 0}
    - target: {fileID: 254870730751947858, guid: 5bcb1c0dee22c8b4fa8528a38089f69b,
        type: 3}
      propertyPath: m_LocalEulerAnglesHint.y
      value: 0
      objectReference: {fileID: 0}
    - target: {fileID: 254870730751947858, guid: 5bcb1c0dee22c8b4fa8528a38089f69b,
        type: 3}
      propertyPath: m_LocalEulerAnglesHint.z
      value: 90
      objectReference: {fileID: 0}
    - target: {fileID: 254870730751947858, guid: 5bcb1c0dee22c8b4fa8528a38089f69b,
        type: 3}
      propertyPath: m_LocalScale.y
      value: 0.10000006
      objectReference: {fileID: 0}
    - target: {fileID: 254870730751947870, guid: 5bcb1c0dee22c8b4fa8528a38089f69b,
        type: 3}
      propertyPath: m_Enabled
      value: 0
      objectReference: {fileID: 0}
    - target: {fileID: 254870730751947871, guid: 5bcb1c0dee22c8b4fa8528a38089f69b,
        type: 3}
      propertyPath: m_Name
      value: Coin (4)
      objectReference: {fileID: 0}
    m_RemovedComponents:
    - {fileID: 254870730751947870, guid: 5bcb1c0dee22c8b4fa8528a38089f69b, type: 3}
  m_SourcePrefab: {fileID: 100100000, guid: 5bcb1c0dee22c8b4fa8528a38089f69b, type: 3}
--- !u!1 &2265947156221972 stripped
GameObject:
  m_CorrespondingSourceObject: {fileID: 254870730751947871, guid: 5bcb1c0dee22c8b4fa8528a38089f69b,
    type: 3}
  m_PrefabInstance: {fileID: 252614212299170891}
  m_PrefabAsset: {fileID: 0}
--- !u!4 &2265947156221977 stripped
Transform:
  m_CorrespondingSourceObject: {fileID: 254870730751947858, guid: 5bcb1c0dee22c8b4fa8528a38089f69b,
    type: 3}
  m_PrefabInstance: {fileID: 252614212299170891}
  m_PrefabAsset: {fileID: 0}
--- !u!1001 &252614213813637481
PrefabInstance:
  m_ObjectHideFlags: 0
  serializedVersion: 2
  m_Modification:
    m_TransformParent: {fileID: 252614213647981374}
    m_Modifications:
    - target: {fileID: 254870730751947856, guid: 5bcb1c0dee22c8b4fa8528a38089f69b,
        type: 3}
      propertyPath: m_Materials.Array.data[0]
      value: 
      objectReference: {fileID: 0}
    - target: {fileID: 254870730751947858, guid: 5bcb1c0dee22c8b4fa8528a38089f69b,
        type: 3}
      propertyPath: m_LocalPosition.x
      value: 2.8
      objectReference: {fileID: 0}
    - target: {fileID: 254870730751947858, guid: 5bcb1c0dee22c8b4fa8528a38089f69b,
        type: 3}
      propertyPath: m_LocalPosition.y
      value: 0.98
      objectReference: {fileID: 0}
    - target: {fileID: 254870730751947858, guid: 5bcb1c0dee22c8b4fa8528a38089f69b,
        type: 3}
      propertyPath: m_LocalPosition.z
      value: 22.9
      objectReference: {fileID: 0}
    - target: {fileID: 254870730751947858, guid: 5bcb1c0dee22c8b4fa8528a38089f69b,
        type: 3}
      propertyPath: m_LocalRotation.x
      value: -0
      objectReference: {fileID: 0}
    - target: {fileID: 254870730751947858, guid: 5bcb1c0dee22c8b4fa8528a38089f69b,
        type: 3}
      propertyPath: m_LocalRotation.y
      value: -0
      objectReference: {fileID: 0}
    - target: {fileID: 254870730751947858, guid: 5bcb1c0dee22c8b4fa8528a38089f69b,
        type: 3}
      propertyPath: m_LocalRotation.z
      value: 0.7071068
      objectReference: {fileID: 0}
    - target: {fileID: 254870730751947858, guid: 5bcb1c0dee22c8b4fa8528a38089f69b,
        type: 3}
      propertyPath: m_LocalRotation.w
      value: 0.7071068
      objectReference: {fileID: 0}
    - target: {fileID: 254870730751947858, guid: 5bcb1c0dee22c8b4fa8528a38089f69b,
        type: 3}
      propertyPath: m_RootOrder
      value: 8
      objectReference: {fileID: 0}
    - target: {fileID: 254870730751947858, guid: 5bcb1c0dee22c8b4fa8528a38089f69b,
        type: 3}
      propertyPath: m_LocalEulerAnglesHint.x
      value: 0
      objectReference: {fileID: 0}
    - target: {fileID: 254870730751947858, guid: 5bcb1c0dee22c8b4fa8528a38089f69b,
        type: 3}
      propertyPath: m_LocalEulerAnglesHint.y
      value: 0
      objectReference: {fileID: 0}
    - target: {fileID: 254870730751947858, guid: 5bcb1c0dee22c8b4fa8528a38089f69b,
        type: 3}
      propertyPath: m_LocalEulerAnglesHint.z
      value: 90
      objectReference: {fileID: 0}
    - target: {fileID: 254870730751947858, guid: 5bcb1c0dee22c8b4fa8528a38089f69b,
        type: 3}
      propertyPath: m_LocalScale.y
      value: 0.10000006
      objectReference: {fileID: 0}
    - target: {fileID: 254870730751947871, guid: 5bcb1c0dee22c8b4fa8528a38089f69b,
        type: 3}
      propertyPath: m_Name
      value: Coin (7)
      objectReference: {fileID: 0}
    m_RemovedComponents:
    - {fileID: 254870730751947870, guid: 5bcb1c0dee22c8b4fa8528a38089f69b, type: 3}
  m_SourcePrefab: {fileID: 100100000, guid: 5bcb1c0dee22c8b4fa8528a38089f69b, type: 3}
--- !u!1 &2265946187015478 stripped
GameObject:
  m_CorrespondingSourceObject: {fileID: 254870730751947871, guid: 5bcb1c0dee22c8b4fa8528a38089f69b,
    type: 3}
  m_PrefabInstance: {fileID: 252614213813637481}
  m_PrefabAsset: {fileID: 0}
--- !u!4 &2265946187015483 stripped
Transform:
  m_CorrespondingSourceObject: {fileID: 254870730751947858, guid: 5bcb1c0dee22c8b4fa8528a38089f69b,
    type: 3}
  m_PrefabInstance: {fileID: 252614213813637481}
  m_PrefabAsset: {fileID: 0}
--- !u!1001 &252614213815164736
PrefabInstance:
  m_ObjectHideFlags: 0
  serializedVersion: 2
  m_Modification:
    m_TransformParent: {fileID: 252614213647981374}
    m_Modifications:
    - target: {fileID: 254870730751947856, guid: 5bcb1c0dee22c8b4fa8528a38089f69b,
        type: 3}
      propertyPath: m_Materials.Array.data[0]
      value: 
      objectReference: {fileID: 0}
    - target: {fileID: 254870730751947858, guid: 5bcb1c0dee22c8b4fa8528a38089f69b,
        type: 3}
      propertyPath: m_LocalPosition.x
      value: 0.3
      objectReference: {fileID: 0}
    - target: {fileID: 254870730751947858, guid: 5bcb1c0dee22c8b4fa8528a38089f69b,
        type: 3}
      propertyPath: m_LocalPosition.y
      value: 0.98
      objectReference: {fileID: 0}
    - target: {fileID: 254870730751947858, guid: 5bcb1c0dee22c8b4fa8528a38089f69b,
        type: 3}
      propertyPath: m_LocalPosition.z
      value: 14.6
      objectReference: {fileID: 0}
    - target: {fileID: 254870730751947858, guid: 5bcb1c0dee22c8b4fa8528a38089f69b,
        type: 3}
      propertyPath: m_LocalRotation.x
      value: -0
      objectReference: {fileID: 0}
    - target: {fileID: 254870730751947858, guid: 5bcb1c0dee22c8b4fa8528a38089f69b,
        type: 3}
      propertyPath: m_LocalRotation.y
      value: -0
      objectReference: {fileID: 0}
    - target: {fileID: 254870730751947858, guid: 5bcb1c0dee22c8b4fa8528a38089f69b,
        type: 3}
      propertyPath: m_LocalRotation.z
      value: 0.7071068
      objectReference: {fileID: 0}
    - target: {fileID: 254870730751947858, guid: 5bcb1c0dee22c8b4fa8528a38089f69b,
        type: 3}
      propertyPath: m_LocalRotation.w
      value: 0.7071068
      objectReference: {fileID: 0}
    - target: {fileID: 254870730751947858, guid: 5bcb1c0dee22c8b4fa8528a38089f69b,
        type: 3}
      propertyPath: m_RootOrder
      value: 6
      objectReference: {fileID: 0}
    - target: {fileID: 254870730751947858, guid: 5bcb1c0dee22c8b4fa8528a38089f69b,
        type: 3}
      propertyPath: m_LocalEulerAnglesHint.x
      value: 0
      objectReference: {fileID: 0}
    - target: {fileID: 254870730751947858, guid: 5bcb1c0dee22c8b4fa8528a38089f69b,
        type: 3}
      propertyPath: m_LocalEulerAnglesHint.y
      value: 0
      objectReference: {fileID: 0}
    - target: {fileID: 254870730751947858, guid: 5bcb1c0dee22c8b4fa8528a38089f69b,
        type: 3}
      propertyPath: m_LocalEulerAnglesHint.z
      value: 90
      objectReference: {fileID: 0}
    - target: {fileID: 254870730751947858, guid: 5bcb1c0dee22c8b4fa8528a38089f69b,
        type: 3}
      propertyPath: m_LocalScale.y
      value: 0.10000006
      objectReference: {fileID: 0}
    - target: {fileID: 254870730751947871, guid: 5bcb1c0dee22c8b4fa8528a38089f69b,
        type: 3}
      propertyPath: m_Name
      value: Coin (5)
      objectReference: {fileID: 0}
    m_RemovedComponents:
    - {fileID: 254870730751947870, guid: 5bcb1c0dee22c8b4fa8528a38089f69b, type: 3}
  m_SourcePrefab: {fileID: 100100000, guid: 5bcb1c0dee22c8b4fa8528a38089f69b, type: 3}
--- !u!1 &2265946189720351 stripped
GameObject:
  m_CorrespondingSourceObject: {fileID: 254870730751947871, guid: 5bcb1c0dee22c8b4fa8528a38089f69b,
    type: 3}
  m_PrefabInstance: {fileID: 252614213815164736}
  m_PrefabAsset: {fileID: 0}
--- !u!4 &2265946189720338 stripped
Transform:
  m_CorrespondingSourceObject: {fileID: 254870730751947858, guid: 5bcb1c0dee22c8b4fa8528a38089f69b,
    type: 3}
  m_PrefabInstance: {fileID: 252614213815164736}
  m_PrefabAsset: {fileID: 0}
